@book{Cullity2008,
 author = {Cullity, B. D. and Graham, C. D.},
 title = {Introduction to Magnetic Materials},
 year = {2008},
 isbn = {0471477419, 9780471477419},
 edition = {2},
 publisher = {Wiley-IEEE Press},
} 

@article{Skompski2007,
  author={R. Skomski and G. C. Hadjipanayis and D. J. Sellmyer},
  journal={IEEE Transactions on Magnetics},
  title={Effective Demagnetizing Factors of Complicated Particle Mixtures},
  year={2007},
  volume={43},
  number={6},
  pages={2956-2958},
  doi={10.1109/TMAG.2007.893798},
  ISSN={0018-9464},
  month={June}
}

@article{Shull2000,
  author = {R. D. Shull and R. D. McMichael and L. J. Swartzendruber and S. D. Leigh},
  title = {Absolute magnetic moment measurements of nickel spheres},
  journal = {Journal of Applied Physics},
  volume = {87},
  number = {9},
  pages = {5992-5994},
  year = {2000},
  doi = {10.1063/1.372590},
  url = {http://dx.doi.org/10.1063/1.372590}
}

@article{deBever1997,
  author = "L.V de Bever and J Jourdan and M Loppacher and S Robinson and I Sick and J Zhao",
  title = "A target for precise Møller polarimetry",
  journal = "Nuclear Instruments and Methods in Physics Research Section A: Accelerators, Spectrometers, Detectors and Associated Equipment",
  volume = "400",
  number = "2",
  pages = "379 - 386",
  year = "1997",
  note = "",
  issn = "0168-9002",
  doi = "http://dx.doi.org/10.1016/S0168-9002(97)00961-3",
  url = "http://www.sciencedirect.com/science/article/pii/S0168900297009613"
}

@article{PauthenetNov1982,
  author = {R. Pauthenet},
  title = {Experimental verification of spin‐wave theory in high fields (invited)},
  journal = {Journal of Applied Physics},
  volume = {53},
  number = {11},
  pages = {8187-8192},
  year = {1982},
  doi = {10.1063/1.330287},
  url = {http://dx.doi.org/10.1063/1.330287}
}

@article{Graham1982,
  author = {C. D. Graham Jr.},
  title = {Iron and nickel as magnetization standards},
  journal = {Journal of Applied Physics},
  volume = {53},
  number = {3},
  pages = {2032-2034},
  year = {1982},
  doi = {10.1063/1.330695},
  url = {http://dx.doi.org/10.1063/1.330695}
}

@article{PauthenetMar1982,
  author = {R. Pauthenet},
  title = {Spin‐waves in nickel, iron, and yttrium‐iron garnet},
  journal = {Journal of Applied Physics},
  volume = {53},
  number = {3},
  pages = {2029-2031},
  year = {1982},
  doi = {10.1063/1.330694},
  url = {http://dx.doi.org/10.1063/1.330694}
}
  	
@article{Luborsky1980,
  author={F E Luborsky and J L Walter and E P Wohlfarth},
  title={The saturation magnetisation, Curie temperature and size effect of amorphous iron alloys},
  journal={Journal of Physics F: Metal Physics},
  volume={10},
  number={5},
  pages={959},
  url={http://stacks.iop.org/0305-4608/10/i=5/a=024},
  year={1980},
  abstract={Measurements of the saturation magnetisation, Curie temperature and size effects are reported for the amorphous iron alloys Fe-X, where X is one of, or a combination of, B, Al, Ga, C, Si, Ge and P. The saturation magnetisation when plotted as a function of the total metalloid content shows an approximate trend in terms of charge transfer from the metalloid to iron atoms. The Curie temperature data show an approximate coincidence when plotted against X except for Fe-B-Al and Fe-B-Ge. This common curve follows semiquantitatively from results obtained here on the basis of the itinerant electron model. The relative change of volume dln V/dx was found to vary systematically with the effective valency of the added metalloid.}
}

@article{Aldred1975,
  title = {Temperature dependence of the magnetization of nickel},
  author = {Aldred, A. T.},
  journal = {Phys. Rev. B},
  volume = {11},
  issue = {7},
  pages = {2597--2601},
  numpages = {0},
  year = {1975},
  month = {Apr},
  publisher = {American Physical Society},
  doi = {10.1103/PhysRevB.11.2597},
  url = {https://link.aps.org/doi/10.1103/PhysRevB.11.2597}
}

@techreport{Behrendt1972,
  author = {Behrendt, Donald R. and Hegland, Donald E.},
  title = {Saturation magnetization of polycrystalline iron}, 
  publisher = {NASA Lewis Research Center},
  institution = {NASA},
  month = {Apr},
  year = {1972},
  url = {https://ntrs.nasa.gov/search.jsp?R=19720015089}
}

@article {Crangle1971,
  author = {Crangle, J. and Goodman, G. M.},
  title = {The Magnetization of Pure Iron and Nickel},
  volume = {321},
  number = {1547},
  pages = {477--491},
  year = {1971},
  doi = {10.1098/rspa.1971.0044},
  publisher = {The Royal Society},
  issn = {0080-4630},
  url = {http://rspa.royalsocietypublishing.org/content/321/1547/477},
  journal = {Proceedings of the Royal Society of London A: Mathematical, Physical and Engineering Sciences}
}

@article{Foner1969,
  title = {High-Field Studies of Band Ferromagnetism in Fe and Ni by M\"ossbauer and Magnetic Moment Measurements},
  author = {Foner, S. and Freeman, A. J. and Blum, N. A. and Frankel, R. B. and McNiff, E. J. and Praddaude, H. C.},
  journal = {Phys. Rev.},
  volume = {181},
  issue = {2},
  pages = {863--882},
  numpages = {0},
  year = {1969},
  month = {May},
  publisher = {American Physical Society},
  doi = {10.1103/PhysRev.181.863},
  url = {https://link.aps.org/doi/10.1103/PhysRev.181.863}
}

@article{Danan1968,
  author = {H. Danan and A. Herr and A. J. P. Meyer},
  title = {New Determinations of the Saturation Magnetization of Nickel and Iron},
  journal = {Journal of Applied Physics},
  volume = {39},
  number = {2},
  pages = {669-670},
  year = {1968},
  doi = {10.1063/1.2163571},
  url = {http://dx.doi.org/10.1063/1.2163571}
}

@article{Arajs1967,
author = {Arajs, S. and Dunmyre, G. R.},
title = {A Note on the Consistency of Values of the Spontaneous or Saturation Magnetization of Polycrystalline Iron and Nickel at 298 °K},
journal = {physica status solidi (b)},
volume = {21},
number = {1},
publisher = {WILEY-VCH Verlag},
issn = {1521-3951},
url = {http://dx.doi.org/10.1002/pssb.19670210117},
doi = {10.1002/pssb.19670210117},
pages = {191--195},
year = {1967}
}


@article{Case1966,
  author={W E Case and R D Harrington},
  title={Calibration of Vibrating-Sample Magnetometers},
  journal={Journal of Research of the National Bureau of Standards-C Engineering and Instrumentation},
  volume={70C},
  number={4},
  pages={255-262},
  month={Oct-Dec},
  url={http://nvlpubs.nist.gov/nistpubs/jres/70C/jresv70Cn4p255_A1b.pdf},
  year={1966}
}

@article{Arajs1965,
author = {Sigurds Arajs},
title = {Paramagnetic Behavior of Nickel just Above the Ferromagnetic Curie Temperature},
journal = {Journal of Applied Physics},
volume = {36},
number = {3},
pages = {1136-1137},
year = {1965},
doi = {10.1063/1.1714136},
URL = {http://dx.doi.org/10.1063/1.1714136}
}

@article{Pepper1965,
  author={A R Pepper and J H Smith},
  title={Improvements to a Sucksmith ring balance},
  journal={Journal of Scientific Instruments},
  volume={42},
  number={5},
  pages={328},
  url={http://stacks.iop.org/0950-7671/42/i=5/a=306},
  year={1965}
}

@article{Arajs1964,
author = {Sigurds Arajs and R. V. Colvin},
title = {Ferromagnetic‐Paramagnetic Transition in Iron},
journal = {Journal of Applied Physics},
volume = {35},
number = {8},
pages = {2424-2426},
year = {1964},
doi = {10.1063/1.1702873},
URL = {http://dx.doi.org/10.1063/1.1702873}
}

@article{Arajs1963,
title = "Paramagnetism of polycrystalline nickel",
journal = "Journal of Physics and Chemistry of Solids",
volume = "24",
number = "10",
pages = "1233 - 1237",
year = "1963",
note = "",
issn = "0022-3697",
doi = "http://dx.doi.org/10.1016/0022-3697(63)90242-7",
url = "http://www.sciencedirect.com/science/article/pii/0022369763902427",
author = "Sigurds Arajs and R.V. Colvin",

}

@article{Scott1962,
   author = {{Scott}, G.~G.},
    title = "{Review of Gyromagnetic Ratio Experiments}",
  journal = {Reviews of Modern Physics},
     year = 1962,
    month = jan,
   volume = 34,
    pages = {102-109},
      doi = {10.1103/RevModPhys.34.102},
   adsurl = {http://adsabs.harvard.edu/abs/1962RvMP...34..102S},
  adsnote = {Provided by the SAO/NASA Astrophysics Data System}
}

@article{Meyer1961,
  author = {A. J. P. Meyer and G. Asch},
  title = {Experimental g′ and g Values of Fe, Co, Ni, and Their Alloys},
  journal = {Journal of Applied Physics},
  volume = {32},
  number = {3},
  pages = {S330-S333},
  year = {1961},
  doi = {10.1063/1.2000457},
  url = {http://dx.doi.org/10.1063/1.2000457}
}

@article {Danan1959,
  TITLE = {On the interpretation of the magnetization measurements of pure polycrystalline iron and nickel in the vicinity of saturation},
  AUTHOR = {Danan, Henri},
  URL = {https://hal.archives-ouvertes.fr/jpa-00236018},
  JOURNAL = {{J. Phys. Radium}},
  VOLUME = {20},
  NUMBER = {2-3},
  PAGES = {203-207},
  YEAR = {1959},
  DOI = {10.1051 / jphysrad: 01959002002-3020300},
  KEYWORDS = {iron; Ferromagnetic materials; nickel},
  PDF = {https://hal.archives-ouvertes.fr/jpa-00236018/file/ajp-jphysrad_1959_20_2-3_203_0.pdf},
  HAL_ID = {jpa-00236018},
  HAL_VERSION = {v1},
}
@article{Ahern1958,
 ISSN = {00804630},
 URL = {http://www.jstor.org/stable/100593},
 author = {S. A. Ahern and M. J. C. Martin and W. Sucksmith},
 journal = {Proceedings of the Royal Society of London. Series A, Mathematical and Physical Sciences},
 number = {1253},
 pages = {145-152},
 publisher = {The Royal Society},
 title = {The Spontaneous Magnetization of Nickel+Copper Alloys},
 volume = {248},
 year = {1958}
}

@article{Scott1956,
  title = {Gyromagnetic Ratio of Cobalt},
  author = {Scott, G. G.},
  journal = {Phys. Rev.},
  volume = {104},
  issue = {6},
  pages = {1497--1498},
  numpages = {0},
  year = {1956},
  month = {Dec},
  publisher = {American Physical Society},
  doi = {10.1103/PhysRev.104.1497},
  url = {https://link.aps.org/doi/10.1103/PhysRev.104.1497}
}

@article{ScottAug1955,
  title = {Gyromagnetic Ratio of Iron at Low Magnetic Intensities},
  author = {Scott, G. G.},
  journal = {Phys. Rev.},
  volume = {99},
  issue = {4},
  pages = {1241--1244},
  numpages = {0},
  year = {1955},
  month = {Aug},
  publisher = {American Physical Society},
  doi = {10.1103/PhysRev.99.1241},
  url = {https://link.aps.org/doi/10.1103/PhysRev.99.1241}
}
@article{ScottSep1955,
  title = {Gyromagnetic Ratio of Nickel at Low Magnetic Intensities},
  author = {Scott, G. G.},
  journal = {Phys. Rev.},
  volume = {99},
  issue = {6},
  pages = {1824--1825},
  numpages = {0},
  year = {1955},
  month = {Sep},
  publisher = {American Physical Society},
  doi = {10.1103/PhysRev.99.1824},
  url = {https://link.aps.org/doi/10.1103/PhysRev.99.1824}
}
@article{Owen1954,
  author={E A Owen and D Madoc Jones},
  title={Effect of Grain Size on the Crystal Structure of Cobalt},
  journal={Proceedings of the Physical Society. Section B},
  volume={67},
  number={6},
  pages={456},
  url={http://stacks.iop.org/0370-1301/67/i=6/a=302},
  year={1954}
}

@article{Scott1952,
  title = {The Gyromagnetic Ratios of the Ferromagnetic Elements},
  author = {Scott, G. G.},
  journal = {Phys. Rev.},
  volume = {87},
  issue = {5},
  pages = {697--699},
  numpages = {0},
  year = {1952},
  month = {Sep},
  publisher = {American Physical Society},
  doi = {10.1103/PhysRev.87.697},
  url = {https://link.aps.org/doi/10.1103/PhysRev.87.697}
}

@article{Barnett1952,
  title = {Gyromagnetic Ratios of Iron, Cobalt, and Many Binary Alloys of Iron, Cobalt, and Nickel},
  author = {Barnett, S. J. and Kenny, G. S.},
  journal = {Phys. Rev.},
  volume = {87},
  issue = {5},
  pages = {723--734},
  numpages = {0},
  year = {1952},
  month = {Sep},
  publisher = {American Physical Society},
  doi = {10.1103/PhysRev.87.723},
  url = {https://link.aps.org/doi/10.1103/PhysRev.87.723}
}

@article {Myers1951,
	author = {Myers, H. P. and Sucksmith, W.},
	title = {The Spontaneous Magnetization of Cobalt},
	volume = {207},
	number = {1091},
	pages = {427--446},
	year = {1951},
	doi = {10.1098/rspa.1951.0132},
	publisher = {The Royal Society},
	issn = {0080-4630},
	URL = {http://rspa.royalsocietypublishing.org/content/207/1091/427},
	eprint = {http://rspa.royalsocietypublishing.org/content/207/1091/427.full.pdf},
	journal = {Proceedings of the Royal Society of London A: Mathematical, Physical and Engineering Sciences}
}

@article{Vleck1950,
  title = {Concerning the Theory of Ferromagnetic Resonance Absorption},
  author = {Van Vleck, J. H.},
  journal = {Phys. Rev.},
  volume = {78},
  issue = {3},
  pages = {266--274},
  numpages = {0},
  year = {1950},
  month = {May},
  publisher = {American Physical Society},
  doi = {10.1103/PhysRev.78.266},
  url = {https://link.aps.org/doi/10.1103/PhysRev.78.266}
}

@article{Kittel1949,
  title = {On the Gyromagnetic Ratio and Spectroscopic Splitting Factor of Ferromagnetic Substances},
  author = {Kittel, Charles},
  journal = {Phys. Rev.},
  volume = {76},
  issue = {6},
  pages = {743--748},
  numpages = {0},
  year = {1949},
  month = {Sep},
  publisher = {American Physical Society},
  doi = {10.1103/PhysRev.76.743},
  url = {https://link.aps.org/doi/10.1103/PhysRev.76.743}
}

@article{Barnett1944,
  ISSN = {01999818},
  URL = {http://www.jstor.org/stable/20023462},
  author = {S. J. Barnett},
  journal = {Proceedings of the American Academy of Arts and Sciences},
  number = {5},
  pages = {109-129},
  publisher = {American Academy of Arts & Sciences},
  title = {New Researches on Magnetization by Rotation and the Gyromagnetic Ratios of Ferromagnetic Substances},
  volume = {75},
  year = {1944}
}

@article{Sanford1941,
  author = {Sanford, Raymond L. and Bennett, Evert G.},
  title = {A determination of the magnetic saturation induction of iron at room temperature},
  journal = {NIST Journal of Research},
  month = {Jan},
  year = {1941},
  publisher = {National Bureau of Standards},
  url = {http://nistdigitalarchives.contentdm.oclc.org/cdm/ref/collection/p13011coll6/id/104774}
}

@article{Barnett1940,
  ISSN = {01999818},
  URL = {http://www.jstor.org/stable/25130206},
  author = {S. J. Barnett},
  journal = {Proceedings of the American Academy of Arts and Sciences},
  number = {14},
  pages = {401-455},
  publisher = {American Academy of Arts & Sciences},
  title = {Gyromagnetic Ratios for Ferromagnetic Substances: New Determinations and a New Discussion of Earlier Determinations},
  volume = {73},
  year = {1940}
}

@article{Allen1933,
  title = {The Absolute Saturation of Cubic Cobalt},
  author = {Allen, Robert I. and Constant, F. W.},
  journal = {Phys. Rev.},
  volume = {44},
  issue = {3},
  pages = {228--233},
  numpages = {0},
  year = {1933},
  month = {Aug},
  publisher = {American Physical Society},
  doi = {10.1103/PhysRev.44.228},
  url = {https://link.aps.org/doi/10.1103/PhysRev.44.228}
}

@Article{Bloch1930,
author="Bloch, F.",
title="Zur Theorie des Ferromagnetismus",
journal="Zeitschrift f{\"u}r Physik",
year="1930",
month="Mar",
day="01",
volume="61",
number="3",
pages="206--219",
issn="0044-3328",
doi="10.1007/BF01339661",
url="http://dx.doi.org/10.1007/BF01339661"
}


@article{Weiss1929,
	author = {{Weiss, Pierre} and {Forrer, R.}},
	title = {La saturation absolue des ferromagnétiques et les lois d'approche en fonction du champ et de la température},
	DOI= "10.1051/anphys/192910120279",
	url= "https://doi.org/10.1051/anphys/192910120279",
	journal = {Ann. Phys.},
	year = 1929,
	volume = 10,
	number = 12,
	pages = "279-372",
}

